
@BOOK{bb1,
  title = {Applying Soil Electrical Conductivity Technology to Precision Agriculture},
  edition = {Proceedings},
  address = {Saint Paul},
  publisher = {ASA/CSSA/SSSA},
  author = {E. D. LUND and P. E. COLIN and D. CHRISTY and P. E. DRUMMOND},
  year = {1998},
  note = {},
}

@BOOK{bb2,
  title = {Parameters Estimation of a Horizontal Multilayer Soil Using Genetic Algorithm},
  edition = {1},
  address = {IEEE},
  publisher = {Transactions on Power Delivery},
  author = {W. P. CALIXTO and L. {MARTINS NETO} and M. WU and K. YAMANAKA},
  year = {2010},
  note = {},
}


@BOOK{bb14,
  title = {Recommended Practice for Grounding of Industrial and Commercial Power Systems},
  edition = {1},
  address = {Houston, Texas},
  publisher = {Institute of Electrical and Electronics Engineers, Inc},
  author = {{IEEE Std 142}},
  year = {1991},
  note = {},
}

@BOOK{bb20,
  title = {Applying Soil Electrical Conductivity Technology to Precision Agriculture},
  edition = {Proceedings},
  address = {Saint Paul},
  publisher = {ASA/CSSA/SSSA},
  author = {E. D. LUND and P. E. COLIN and D. CHRISTY and P. E. DRUMMOND},
  year = {1998},
  note = {},
}